

@article{degnan-2016-shale-gas-boom,
  author =	 {Tom Degnan},
  title =	 {The Shale Gas ``Boom": Implicatons for Catalysis},
  journal =	 {Focus on Catalysts},
  number =	 9,
  pages =	 {1-2},
  year =	 2016,
  doi =		 {10.1016/j.focat.2016.08.001},
  url =		 {https://doi.org/10.1016/j.focat.2016.08.001},
  DATE_ADDED =	 {Wed Jul 18 14:12:46 2018},
}

@article{doi:10.1146/annurev-chembioeng-060817-084345,
  author = {Stangland, Eric E.},
  title = {Shale Gas Implications for C2-C3 Olefin Production: Incumbent and Future Technology},
  journal = {Annual Review of Chemical and Biomolecular Engineering},
  volume = {9},
  number = {1},
  pages = {341-364},
  year = {2018},
  doi = {10.1146/annurev-chembioeng-060817-084345},
  URL = {https://doi.org/10.1146/annurev-chembioeng-060817-084345},   
}

@article{short-term-energy-outlook-2018,
  author = {},
  title = {Short Term Energy Outlook},
  journal = {U.S. Energy Information Administration},
  volume = {},
  number = {},
  pages = {},
  year = {2018},
  doi = {},
  URL = {https://www.eia.gov/outlooks/steo/pdf/steo_full.},
}

@article{NICHOLAS201782,
title = "Applications of light olefin oligomerization to the production of fuels and chemicals",
journal = "Applied Catalysis A: General",
volume = "543",
pages = "82 - 97",
year = "2017",
issn = "0926-860X",
doi = "https://doi.org/10.1016/j.apcata.2017.06.011",
url = "http://www.sciencedirect.com/science/article/pii/S0926860X17302600",
author = "Christopher P. Nicholas",
keywords = "Catalysis, Zeolite, Nickel, Resin, Solid phosphoric acid, Metallacycle, Fuels, Chemicals"
}

@article{MARTINEZ2013509,
title = "New bifunctional NiâH-Beta catalysts for the heterogeneous oligomerization of ethylene",
journal = "Applied Catalysis A: General",
volume = "467",
pages = "509 - 518",
year = "2013",
issn = "0926-860X",
doi = "https://doi.org/10.1016/j.apcata.2013.08.021",
url = "http://www.sciencedirect.com/science/article/pii/S0926860X13005061",
author = "AgustÃ­n MartÃ­nez and Maria A. Arribas and Patricia ConcepciÃ³n and Sara Moussa",
keywords = "Bifunctional catalyst, Ni-Beta zeolite, Ethylene oligomerization, Low temperature CO-FTIR, Active Ni sites"
}

@article{doi:10.1021/ja0615369,
author = {Tomov, Atanas K. and Chirinos, Juan J. and Long, Richard J. and Gibson, Vernon C. and Elsegood, Mark R. J.},
title = {An Unprecedented Î±-Olefin Distribution Arising from a Homogeneous Ethylene Oligomerization Catalyst},
journal = {Journal of the American Chemical Society},
volume = {128},
number = {24},
pages = {7704-7705},
year = {2006},
doi = {10.1021/ja0615369},
    note ={PMID: 16771461},

URL = { 
        https://doi.org/10.1021/ja0615369
    
},
eprint = { 
        https://doi.org/10.1021/ja0615369
    
}

}

@article{doi:10.1021/ef050049w,
author = {de Klerk, Arno},
title = {Thermal Upgrading of FischerâTropsch Olefins},
journal = {Energy \& Fuels},
volume = {19},
number = {4},
pages = {1462-1467},
year = {2005},
doi = {10.1021/ef050049w},

URL = { 
        https://doi.org/10.1021/ef050049w
    
},
eprint = { 
        https://doi.org/10.1021/ef050049w
    
}

}

@article{doi:10.1021/op060253y,
author = {Cowley, Michele},
title = {Oligomerisation of Alkenes by Radical Initiation},
journal = {Organic Process Research \& Development},
volume = {11},
number = {2},
pages = {286-288},
year = {2007},
doi = {10.1021/op060253y},

URL = { 
        https://doi.org/10.1021/op060253y
    
},
eprint = { 
        https://doi.org/10.1021/op060253y
    
}

}

@Article{FT9949002827,
author ={Spoto, Giuseppe and Bordiga, Silvia and Ricchiardi, Gabriele and Scarano, Domenica and Zecchina, Adriano and Borello, Enzo},
title  ={IR study of ethene and propene oligomerization on {H-ZSM-5}: hydrogen-bonded precursor formation{,} initiation and propagation mechanisms and structure of the entrapped oligomers},
journal  ={J. Chem. Soc.{,} Faraday Trans.},
year  ={1994},
volume  ={90},
issue  ={18},
pages  ={2827-2835},
publisher  ={The Royal Society of Chemistry},
doi  ={10.1039/FT9949002827},
url  ={http://dx.doi.org/10.1039/FT9949002827},
}

@article{doi:10.1021/jp302960w,
author = {Chu, Yueying and Han, Bing and Zheng, Anmin and Deng, Feng},
title = {Influence of Acid Strength and Confinement Effect on the Ethylene Dimerization Reaction over Solid Acid Catalysts: A Theoretical Calculation Study},
journal = {The Journal of Physical Chemistry C},
volume = {116},
number = {23},
pages = {12687-12695},
year = {2012},
doi = {10.1021/jp302960w},

URL = { 
        https://doi.org/10.1021/jp302960w
    
},
eprint = { 
        https://doi.org/10.1021/jp302960w
    
}

}

@article{doi:10.1021/j100127a018,
author = {Cook, Stephen J. and Chakraborty, Arup K. and Bell, Alex T. and Theodorou, Doros N.},
title = {Structural and electronic features of a {B}r\onsted acid site in {H-ZSM-5}},
journal = {The Journal of Physical Chemistry},
volume = {97},
number = {25},
pages = {6679-6685},
year = {1993},
doi = {10.1021/j100127a018},

URL = { 
        https://doi.org/10.1021/j100127a018
    
},
eprint = { 
        https://doi.org/10.1021/j100127a018
    
}

}

@article{Zeolite-Britannica,
author = {},
title = {Zeolite},
journal = {Encyclopedia Britannica},
volume = {},
number = {},
pages = {},
year = {2018},
doi = {},

URL = { https://www.britannica.com/science/zeolite
    
},

}

@article{KrivanTomasekHancsk2014,
title={Application Possibilities of Zeolite Catalysts in Oligomerization of Light Olefins},
volume={58},
url={https://pp.bme.hu/ch/article/view/7204},
DOI={https://doi.org/10.3311/PPch.7204},
number={2},
journal={Periodica Polytechnica Chemical Engineering},
author={Krivan, Eszter and Tomasek, Szabina and Hancsok, Jeno},
year={2014},
pages={149-156}
}

@article{doi:10.1021/acscatal.7b01273,
author = {Di Iorio, John R. and Nimlos, Claire T. and Gounder, Rajamani},
title = {Introducing Catalytic Diversity into Single-Site Chabazite Zeolites of Fixed Composition via Synthetic Control of Active Site Proximity},
journal = {ACS Catalysis},
volume = {7},
number = {10},
pages = {6663-6674},
year = {2017},
doi = {10.1021/acscatal.7b01273},

URL = { 
        https://doi.org/10.1021/acscatal.7b01273
    
},
eprint = { 
        https://doi.org/10.1021/acscatal.7b01273
    
}

}

@article{IZA,
author = {Baerlocher, Ch and McCusker, L B},
title = {},
journal = {Database of Zeolite Structures},
volume = {},
number = {},
pages = {},
year = {},
doi = {},

URL = { 
http://www.iza-structure.org/databases/
    
},

}


@article{mlinar-2012-effec-broen,
  author =	 {Anton N. Mlinar and Paul M. Zimmerman and Fuat
                  E. Celik and Martin Head-Gordon and Alexis T. Bell},
  title =	 {Effects of {B}r{\o}nsted-Acid Site Proximity on the
                  Oligomerization of Propene in {H-Mfi}},
  journal =	 {Journal of Catalysis},
  volume =	 288,
  number =	 {nil},
  pages =	 {65-73},
  year =	 2012,
  doi =		 {10.1016/j.jcat.2012.01.002},
  url =		 {https://doi.org/10.1016/j.jcat.2012.01.002},
  DATE_ADDED =	 {Wed Aug 1 14:44:56 2018},
}


@article{iorio-2016-contr-isolat,
  author =	 {John R. Di Iorio and Rajamani Gounder},
  title =	 {Controlling the Isolation and Pairing of Aluminum in
                  Chabazite Zeolites Using Mixtures of Organic and
                  Inorganic Structure-Directing Agents},
  journal =	 {Chemistry of Materials},
  volume =	 28,
  number =	 7,
  pages =	 {2236-2247},
  year =	 2016,
  doi =		 {10.1021/acs.chemmater.6b00181},
  url =		 {https://doi.org/10.1021/acs.chemmater.6b00181},
  DATE_ADDED =	 {Wed Aug 1 14:57:04 2018},
}


@article{quann-1988-chemis-olefin,
  author =	 {Richard J. Quann and Larry A. Green and Samuel
                  A. Tabak and Frederick J. Krambeck},
  title =	 {Chemistry of Olefin Oligomerization Over {ZSM-5}
                  Catalyst},
  journal =	 {Industrial \& Engineering Chemistry Research},
  volume =	 27,
  number =	 4,
  pages =	 {565-570},
  year =	 1988,
  doi =		 {10.1021/ie00076a006},
  url =		 {https://doi.org/10.1021/ie00076a006},
  DATE_ADDED =	 {Thu Aug 2 11:09:45 2018},
}


@article{knottenbelt-2002-mossg-gas,
  author =	 {Cyril Knottenbelt},
  title =	 {Mossgas "Gas-To-Liquid" Diesel Fuels-An
                  Environmentally Friendly Option},
  journal =	 {Catalysis Today},
  volume =	 71,
  number =	 {3-4},
  pages =	 {437-445},
  year =	 2002,
  doi =		 {10.1016/s0920-5861(01)00471-0},
  url =		 {https://doi.org/10.1016/s0920-5861(01)00471-0},
  DATE_ADDED =	 {Thu Aug 2 11:28:37 2018},
}


@article{kresse-1999-from-ultras,
  author =	 {G. Kresse and D. Joubert},
  title =	 {From Ultrasoft Pseudopotentials To the Projector
                  Augmented-Wave Method},
  journal =	 {Physical Review B},
  volume =	 59,
  number =	 3,
  pages =	 {1758-1775},
  year =	 1999,
  doi =		 {10.1103/physrevb.59.1758},
  url =		 {https://doi.org/10.1103/physrevb.59.1758},
  DATE_ADDED =	 {Sun Aug 5 11:42:23 2018},
}


@article{kohn-1965-self-consis,
  author =	 {W. Kohn and L. J. Sham},
  title =	 {Self-Consistent Equations Including Exchange and
                  Correlation Effects},
  journal =	 {Physical Review},
  volume =	 140,
  number =	 {4A},
  pages =	 {A1133-A1138},
  year =	 1965,
  doi =		 {10.1103/physrev.140.a1133},
  url =		 {https://doi.org/10.1103/physrev.140.a1133},
  DATE_ADDED =	 {Sun Aug 5 11:51:55 2018},
}


@article{perdew-1996-gener-gradien,
  author =	 {John P. Perdew and Kieron Burke and Matthias
                  Ernzerhof},
  title =	 {Generalized Gradient Approximation Made Simple},
  journal =	 {Physical Review Letters},
  volume =	 77,
  number =	 18,
  pages =	 {3865-3868},
  year =	 1996,
  doi =		 {10.1103/physrevlett.77.3865},
  url =		 {https://doi.org/10.1103/physrevlett.77.3865},
  DATE_ADDED =	 {Sun Aug 5 11:59:23 2018},
}


@article{giannozzi-1994-vibrat-dielec,
  author =	 {Paolo Giannozzi and Stefano Baroni},
  title =	 {Vibrational and Dielectric Properties of C60 From
                  Density‐functional Perturbation Theory},
  journal =	 {The Journal of Chemical Physics},
  volume =	 100,
  number =	 11,
  pages =	 {8537-8539},
  year =	 1994,
  doi =		 {10.1063/1.466753},
  url =		 {https://doi.org/10.1063/1.466753},
  DATE_ADDED =	 {Sun Aug 5 13:14:34 2018},
}


@article{smith-1997,
  author =	 {L.J. Smith and A. Davidson and A.K. Cheetham},
  title =	 {A neutron diffraction and infrared spectroscopy study of the acid form of the aluminosilicate zeolite, chabazite {(H-SSZ-13)}},
  journal =	 {Catalysis Letters}
  volume =	 49,
  number =	 {3/4},
  pages =	 {143-146},
  year =	 1997,
  doi =		 {10.1023/a:1019097019846},
  url =		 {https://doi.org/10.1023/a:1019097019846},
  DATE_ADDED =	 {Sun Aug 5 14:43:29 2018},
}


@article{roehner-2016-reduc-gas,
  author =	 {Richard Roehner and Palash Panja and Milind Deo},
  title =	 {Reducing Gas Flaring in Oil Production From Shales},
  journal =	 {Energy \& Fuels},
  volume =	 30,
  number =	 9,
  pages =	 {7524-7531},
  year =	 2016,
  doi =		 {10.1021/acs.energyfuels.6b01126},
  url =		 {https://doi.org/10.1021/acs.energyfuels.6b01126},
  DATE_ADDED =	 {Sun Aug 5 16:57:42 2018},
}


@article{natural-radiative-forcing,
  author =	 {},
  title =	 {Reducing Gas Flaring in Oil Production From Shales},
  journal =	 {Energy \& Fuels},
  volume =	 30,
  number =	 9,
  pages =	 {7524-7531},
  year =	 2016,
  doi =		 {10.1021/acs.energyfuels.6b01126},
  url =		 {https://doi.org/10.1021/acs.energyfuels.6b01126},
  DATE_ADDED =	 {Sun Aug 5 16:57:42 2018},
}


@article{liang-2016-conver-methan,
  author =	 {Tingyu Liang and Jialing Chen and Zhangfeng Qin and
                  Junfen Li and Pengfei Wang and Sen Wang and Guofu
                  Wang and Mei Dong and Weibin Fan and Jianguo Wang},
  title =	 {Conversion of Methanol To Olefins Over {H-ZSM-5}
                  Zeolite: Reaction Pathway Is Related To the
                  Framework Aluminum Siting},
  journal =	 {ACS Catalysis},
  volume =	 6,
  number =	 11,
  pages =	 {7311-7325},
  year =	 2016,
  doi =		 {10.1021/acscatal.6b01771},
  url =		 {https://doi.org/10.1021/acscatal.6b01771},
  DATE_ADDED =	 {Sun Apr 7 10:27:44 2019},
}


@article{cˇejka-1991-alkyl-toluen,
  author =	 {Jiˇri´ Cˇejka and Blanka Wichterlova´ and Sonˇa
                  Bedna´rˇova´},
  title =	 {Alkylation of Toluene With Ethene Over {H-ZSM-5}
                  Zeolites},
  journal =	 {Applied Catalysis A: General},
  volume =	 79,
  number =	 2,
  pages =	 {215-226},
  year =	 1991,
  doi =		 {10.1016/0926-860x(91)80007-l},
  url =		 {https://doi.org/10.1016/0926-860x(91)80007-l},
  DATE_ADDED =	 {Sun Apr 7 10:43:32 2019},
}


@article{mignoni-2007-estud-da,
  author =	 {Marcelo L. Mignoni and Chaline Detoni and Sibele
                  B. C. Pergher},
  title =	 {Estudo Da s{\'i}ntese Da ze{\'o}lita {ZSM-5} a Partir
                  De Argilas Naturais},
  journal =	 {Qu{\'i}mica Nova},
  volume =	 30,
  number =	 1,
  pages =	 {45-48},
  year =	 2007,
  doi =		 {10.1590/s0100-40422007000100010},
  url =		 {https://doi.org/10.1590/s0100-40422007000100010},
  DATE_ADDED =	 {Sun Apr 7 12:16:32 2019},
}


@article{abdalla-2017-catal-crack,
  author =	 {Amr Abdalla and Palani Arudra and Sulaiman
                  S. Al-Khattaf},
  title =	 {Catalytic Cracking of 1-butene To Propylene Using
                  Modified {H-ZSM-5} Catalyst: a Comparative Study of
                  Surface Modification and Core-Shell Synthesis},
  journal =	 {Applied Catalysis A: General},
  volume =	 533,
  number =	 {nil},
  pages =	 {109-120},
  year =	 2017,
  doi =		 {10.1016/j.apcata.2017.01.003},
  url =		 {https://doi.org/10.1016/j.apcata.2017.01.003},
  DATE_ADDED =	 {Sun Apr 7 14:04:23 2019},
}


@article{campbell-1996-dealum-hzsm-zeolit,
  author =	 {S.M Campbell and D.M Bibby and J.M Coddington and
                  R.F Howe},
  title =	 {Dealumination of {HZSM-5} Zeolites},
  journal =	 {Journal of Catalysis},
  volume =	 161,
  number =	 1,
  pages =	 {350-358},
  year =	 1996,
  doi =		 {10.1006/jcat.1996.0192},
  url =		 {https://doi.org/10.1006/jcat.1996.0192},
  DATE_ADDED =	 {Sun Apr 7 14:38:42 2019},
}


@article{kubo-2014-effec-steam,
  author =	 {Kohei Kubo and Hajime Iida and Seitaro Namba and
                  Akira Igarashi},
  title =	 {Effect of Steaming on Acidity and Catalytic
                  Performance of {H-ZSM-5} and {P/H-ZSM-5} As Naphtha To
                  Olefin Catalysts},
  journal =	 {Microporous and Mesoporous Materials},
  volume =	 188,
  number =	 {nil},
  pages =	 {23-29},
  year =	 2014,
  doi =		 {10.1016/j.micromeso.2014.01.002},
  url =		 {https://doi.org/10.1016/j.micromeso.2014.01.002},
  DATE_ADDED =	 {Sun Apr 7 14:59:12 2019},
}


@article{jin-2010-improv-dealum,
  author =	 {Lijun Jin and Haoquan Hu and Shengwei Zhu and Bin
                  Ma},
  title =	 {An Improved Dealumination Method for Adjusting
                  Acidity of {HZSM-5}},
  journal =	 {Catalysis Today},
  volume =	 149,
  number =	 {1-2},
  pages =	 {207-211},
  year =	 2010,
  doi =		 {10.1016/j.cattod.2009.07.088},
  url =		 {https://doi.org/10.1016/j.cattod.2009.07.088},
  DATE_ADDED =	 {Sun Apr 7 15:48:00 2019},
}


@article{ibanez-2017-selec-dealum,
  author =	 {Mar{\'i}a Ib{\'a}{\~n}ez and Eva Epelde and
                  Andr{\'e}s T. Aguayo and Ana G. Gayubo and Javier
                  Bilbao and Pedro Casta{\~n}o},
  title =	 {Selective Dealumination of {HZSM-5} Zeolite Boosts
                  Propylene By Modifying 1-butene Cracking Pathway},
  journal =	 {Applied Catalysis A: General},
  volume =	 543,
  number =	 {nil},
  pages =	 {1-9},
  year =	 2017,
  doi =		 {10.1016/j.apcata.2017.06.008},
  url =		 {https://doi.org/10.1016/j.apcata.2017.06.008},
  DATE_ADDED =	 {Sun Apr 7 15:53:23 2019},
}


@article{chen-1987-m-formin-proces,
  author =	 {Nai Y. Chen and William E. Garwood and Roland
                  H. Heck},
  title =	 {M-Forming Process},
  journal =	 {Industrial \& Engineering Chemistry Research},
  volume =	 26,
  number =	 4,
  pages =	 {706-711},
  year =	 1987,
  doi =		 {10.1021/ie00064a014},
  url =		 {https://doi.org/10.1021/ie00064a014},
  DATE_ADDED =	 {Sat Apr 20 09:51:38 2019},
}


@article{degnan-2000-histor-zsm,
  author =	 {T.F. Degnan and G.K. Chitnis and P.H. Schipper},
  title =	 {History of {ZSM-5} Fluid Catalytic Cracking Additive
                  Development At Mobil},
  journal =	 {Microporous and Mesoporous Materials},
  volume =	 {35-36},
  number =	 {nil},
  pages =	 {245-252},
  year =	 2000,
  doi =		 {10.1016/s1387-1811(99)00225-5},
  url =		 {https://doi.org/10.1016/s1387-1811(99)00225-5},
  DATE_ADDED =	 {Sat Apr 20 10:10:35 2019},
}


@article{nayak-1982-isomer-m,
  author =	 {V.S. Nayak and V.R. Choudhary},
  title =	 {Isomerization of M-Xylene on {H-ZSM-5}},
  journal =	 {Applied Catalysis},
  volume =	 4,
  number =	 4,
  pages =	 {333-352},
  year =	 1982,
  doi =		 {10.1016/0166-9834(82)80132-2},
  url =		 {https://doi.org/10.1016/0166-9834(82)80132-2},
  DATE_ADDED =	 {Sat Apr 20 10:13:13 2019},
}


@article{malola-2011-detail-react,
  author =	 {Sami Malola and Stian Svelle and Francesca
                  L{\o}nstad Bleken and Ole Swang},
  title =	 {Detailed Reaction Paths for Zeolite Dealumination
                  and Desilication From Density Functional
                  Calculations},
  journal =	 {Angewandte Chemie International Edition},
  volume =	 51,
  number =	 3,
  pages =	 {652-655},
  year =	 2011,
  doi =		 {10.1002/anie.201104462},
  url =		 {https://doi.org/10.1002/anie.201104462},
  DATE_ADDED =	 {Wed Apr 24 15:10:10 2019},
}


@article{silaghi-2016-dealum-mechan,
  author =	 {Marius-Christian Silaghi and C{\'e}line Chizallet
                  and Joachim Sauer and Pascal Raybaud},
  title =	 {Dealumination Mechanisms of Zeolites and
                  Extra-Framework Aluminum Confinement},
  journal =	 {Journal of Catalysis},
  volume =	 339,
  number =	 {nil},
  pages =	 {242-255},
  year =	 2016,
  doi =		 {10.1016/j.jcat.2016.04.021},
  url =		 {https://doi.org/10.1016/j.jcat.2016.04.021},
  DATE_ADDED =	 {Thu Apr 25 10:09:47 2019},
}


@article{hoff-2016-therm-stabil,
  author =	 {Thomas C. Hoff and Rajeeva Thilakaratne and David
                  W. Gardner and Robert C. Brown and Jean-Philippe
                  Tessonnier},
  title =	 {Thermal Stability of Aluminum-Rich {ZSM-5} Zeolites
                  and Consequences on Aromatization Reactions},
  journal =	 {The Journal of Physical Chemistry C},
  volume =	 120,
  number =	 36,
  pages =	 {20103-20113},
  year =	 2016,
  doi =		 {10.1021/acs.jpcc.6b04671},
  url =		 {https://doi.org/10.1021/acs.jpcc.6b04671},
  DATE_ADDED =	 {Tue Apr 30 14:15:13 2019},
}


@article{campbell-1996-dealum-hzsm-zeolit,
  author =	 {Sharelle M Campbell and David M Bibby and Jan M
                  Coddington and Russell F Howe and Richard H
                  Meinhold},
  title =	 {Dealumination of {HZSM-5} Zeolites},
  journal =	 {Journal of Catalysis},
  volume =	 161,
  number =	 1,
  pages =	 {338-349},
  year =	 1996,
  doi =		 {10.1006/jcat.1996.0191},
  url =		 {https://doi.org/10.1006/jcat.1996.0191},
  DATE_ADDED =	 {Tue Apr 30 16:22:12 2019},
}


@article{nystrom-2018-tunin-broen,
  author =	 {Steven Nystrom and Alexander Hoffman and David
                  Hibbitts},
  title =	 {Tuning Br{\o}nsted Acid Strength By Altering Site
                  Proximity in Cha Framework Zeolites},
  journal =	 {ACS Catalysis},
  volume =	 8,
  number =	 9,
  pages =	 {7842-7860},
  year =	 2018,
  doi =		 {10.1021/acscatal.8b02049},
  url =		 {https://doi.org/10.1021/acscatal.8b02049},
  DATE_ADDED =	 {Mon Nov 4 20:57:53 2019},
}


@article{grimme-2010-consis-accur,
  author =	 {Stefan Grimme and Jens Antony and Stephan Ehrlich
                  and Helge Krieg},
  title =	 {A Consistent and Accurate Ab Initio Parametrization
                  of Density Functional Dispersion Correction (DFT-D)
                  for the 94 Elements H-Pu},
  journal =	 {The Journal of Chemical Physics},
  volume =	 132,
  number =	 15,
  pages =	 154104,
  year =	 2010,
  doi =		 {10.1063/1.3382344},
  url =		 {https://doi.org/10.1063/1.3382344},
  DATE_ADDED =	 {Wed Nov 27 17:05:22 2019},
}


@article{grimme-2011-effec-dampin,
  author =	 {Stefan Grimme and Stephan Ehrlich and Lars Goerigk},
  title =	 {Effect of the Damping Function in Dispersion
                  Corrected Density Functional Theory},
  journal =	 {Journal of Computational Chemistry},
  volume =	 32,
  number =	 7,
  pages =	 {1456-1465},
  year =	 2011,
  doi =		 {10.1002/jcc.21759},
  url =		 {https://doi.org/10.1002/jcc.21759},
  DATE_ADDED =	 {Wed Nov 27 17:06:05 2019},
}


@article{nguyen-2012-isobut-proton,
  author =	 {Cuong M. Nguyen and Bart A. De Moor and
                  Marie-Fran{\c{c}}oise Reyniers and Guy B. Marin},
  title =	 {Isobutene Protonation in H-Fau, H-Mor, H-Zsm-5, and
                  H-Zsm-22},
  journal =	 {The Journal of Physical Chemistry C},
  volume =	 116,
  number =	 34,
  pages =	 {18236-18249},
  year =	 2012,
  doi =		 {10.1021/jp304081k},
  url =		 {https://doi.org/10.1021/jp304081k},
  DATE_ADDED =	 {Sun Dec 15 10:57:46 2019},
}


@article{kresse-1995-ab-initio,
  author =	 {G. Kresse},
  title =	 {Ab Initio Molecular Dynamics for Liquid Metals},
  journal =	 {Journal of Non-Crystalline Solids},
  volume =	 {192-193},
  number =	 {nil},
  pages =	 {222-229},
  year =	 1995,
  doi =		 {10.1016/0022-3093(95)00355-x},
  url =		 {https://doi.org/10.1016/0022-3093(95)00355-x},
  DATE_ADDED =	 {Sun Dec 15 11:04:28 2019},
}


@article{kresse-1993-ab-initiom,
  author =	 {G. Kresse and J. Hafner},
  title =	 {Ab Initiomolecular Dynamics for Liquid Metals},
  journal =	 {Physical Review B},
  volume =	 47,
  number =	 1,
  pages =	 {558-561},
  year =	 1993,
  doi =		 {10.1103/physrevb.47.558},
  url =		 {https://doi.org/10.1103/physrevb.47.558},
  DATE_ADDED =	 {Sun Dec 15 11:04:58 2019},
}


@article{kresse-1994-norm-conser,
  author =	 {G Kresse and J Hafner},
  title =	 {Norm-Conserving and Ultrasoft Pseudopotentials for
                  First-Row and Transition Elements},
  journal =	 {Journal of Physics: Condensed Matter},
  volume =	 6,
  number =	 40,
  pages =	 {8245-8257},
  year =	 1994,
  doi =		 {10.1088/0953-8984/6/40/015},
  url =		 {https://doi.org/10.1088/0953-8984/6/40/015},
  DATE_ADDED =	 {Sun Dec 15 11:05:36 2019},
}


@article{kresse-1996-effic-iterat,
  author =	 {G. Kresse and J. Furthm{\"u}ller},
  title =	 {Efficient Iterative Schemes Forab Initiototal-Energy
                  Calculations Using a Plane-Wave Basis Set},
  journal =	 {Physical Review B},
  volume =	 54,
  number =	 16,
  pages =	 {11169-11186},
  year =	 1996,
  doi =		 {10.1103/physrevb.54.11169},
  url =		 {https://doi.org/10.1103/physrevb.54.11169},
  DATE_ADDED =	 {Sun Dec 15 11:12:07 2019},
}


@article{vanderbilt-1990-soft-self,
  author =	 {David Vanderbilt},
  title =	 {Soft Self-Consistent Pseudopotentials in a
                  Generalized Eigenvalue Formalism},
  journal =	 {Physical Review B},
  volume =	 41,
  number =	 11,
  pages =	 {7892-7895},
  year =	 1990,
  doi =		 {10.1103/physrevb.41.7892},
  url =		 {https://doi.org/10.1103/physrevb.41.7892},
  DATE_ADDED =	 {Sun Dec 15 11:14:20 2019},
}
@misc{baerlocher,
	title = {Database of {Zeolite} {Structures}},
	url = {http://www.iza-structure.org/databases/},
	urldate = {2019-12-01},
	author = {Baerlocher, Ch. and McCusker, L.B.}
}

@inbook{intergovernmental-panel-on-climate-change-2014,
author={},
place={Cambridge},
title={Anthropogenic and Natural Radiative Forcing},
DOI={10.1017/CBO9781107415324.018},
booktitle={Climate Change 2013 – The Physical Science Basis: Working Group I Contribution to the Fifth Assessment Report of the Intergovernmental Panel on Climate Change},
publisher={Cambridge University Press},
year={2014},
pages={659–740}
}


@article{lin-2009-two-polyox,
  author =	 {Bi-Zhou Lin and Li-Wen He and Bai-Huan Xu and
                  Xiao-Li Li and Zhen Li and Pei-De Liu},
  title =	 {Two Polyoxophosphotungstates Formed By Wells-Dawson
                  Cores Linked Through W-O-w Linkages},
  journal =	 {Crystal Growth \& Design},
  volume =	 9,
  number =	 1,
  pages =	 {273-281},
  year =	 2009,
  doi =		 {10.1021/cg8004486},
  url =		 {https://doi.org/10.1021/cg8004486},
  DATE_ADDED =	 {Wed Dec 18 11:06:52 2019},
}


@article{gonze-1997-dynam-matric,
  author =	 {Xavier Gonze and Changyol Lee},
  title =	 {Dynamical Matrices, Born Effective Charges,
                  Dielectric Permittivity Tensors, and Interatomic
                  Force Constants From Density-Functional Perturbation
                  Theory},
  journal =	 {Physical Review B},
  volume =	 55,
  number =	 16,
  pages =	 {10355-10368},
  year =	 1997,
  doi =		 {10.1103/physrevb.55.10355},
  url =		 {https://doi.org/10.1103/physrevb.55.10355},
  DATE_ADDED =	 {Wed Dec 18 11:08:48 2019},
}


@article{ase-ask,
  author =	 {Ask Hjorth Larsen and Jens Jørgen Mortensen and Jakob Blomqvist and Ivano E Castelli and Rune Christensen and Marcin Dułak and Jesper Friis and Michael N Groves and Bjørk Hammer and Cory Hargus},
  title =	 {The atomic simulation environment-a Python library for working with atoms},
  journal =	 {Journal of Physics: Condensed Matter},
  volume =	 29,
  pages =	 {273002},
  year =	 2017,
  doi =		 {10.1088/1361-648X/aa680e},
  url =		 {https://doi.org/10.1088/1361-648X/aa680e},
  DATE_ADDED =	 {Fri Apr 16 11:08:48 2021},
}


@article{kester-2021-effec-broen,
  author =	 {Philip M. Kester and Jerry T. Crum and Sichi Li and
                  William F. Schneider and Rajamani Gounder},
  title =	 {Effects of Br{\o}nsted Acid Site Proximity in
                  Chabazite Zeolites on {OH} Infrared Spectra and
                  Protolytic Propane Cracking Kinetics},
  journal =	 {Journal of Catalysis},
  volume =	 395,
  pages =	 {210-226},
  year =	 2021,
  doi =		 {10.1016/j.jcat.2020.12.038},
  url =		 {https://doi.org/10.1016/j.jcat.2020.12.038},
  DATE_ADDED =	 {Fri Apr 16 10:34:06 2021},
}


